<?xml version="1.0" encoding="UTF-8"?><record xmlns="http://www.loc.gov/MARC21/slim" xmlns:cinclude="http://apache.org/cocoon/include/1.0" xmlns:zs="http://www.loc.gov/zing/srw/">
  <leader>00579nz  a2200145n  4500</leader>
  <controlfield tag="001">ns2012004457</controlfield>
  <controlfield tag="003">DLC</controlfield>
  <controlfield tag="005">20120927075230.0</controlfield>
  <controlfield tag="008">120925n| acannaabn          |a aaa     c</controlfield>
  <datafield tag="010" ind1=" " ind2=" ">
    <subfield code="a">ns2012004457</subfield>
  </datafield>
  <datafield tag="035" ind1=" " ind2=" ">
    <subfield code="a">(CaEvSKY)skya10027328</subfield>
  </datafield>
  <datafield tag="040" ind1=" " ind2=" ">
    <subfield code="a">MX-SlUA</subfield>
    <subfield code="b">eng</subfield>
    <subfield code="c">MX-SlUA</subfield>
  </datafield>
  <datafield tag="100" ind1="1" ind2=" ">
    <subfield code="a">Ortega Bolaños, Magdalena</subfield>
  </datafield>
  <datafield tag="400" ind1="1" ind2=" ">
    <subfield code="a">Bolaños, Magdalena Ortega</subfield>
  </datafield>
  <datafield tag="670" ind1=" " ind2=" ">
    <subfield code="a">Seguimiento de egresados del profesional asociado en archivonomía generaciones 2004 a 2008, 2009:</subfield>
    <subfield code="b">t.p. (Magdalena Ortega Bolaños; Escuela Nacional de Biblioteconomía y Archivonomía; Licenciado en Archivonomía)</subfield>
  </datafield>
</record>